@comment{x-kbibtex-encoding=utf-8}
@comment{jabref-meta: databaseType:bibtex;}

@incollection{guia2015a,
	address = {Rio de Janeiro},
	author = {Sergio de Azevedo and Virgínia Rennó Mares dos Guia},
	booktitle = {Metrópoles: entre a coesão e a fragmentação, a cooperação e o conflito},
	edition = {2},
	editor = {Luiz Cesar Queiroz de Ribeiro},
	editortype = {Org.},
	note = {Parte I},
	pages = {97–110},
	publisher = {Letra Capital},
	title = {{Os dilemas institucionais da gestão metropolitana no Brasil}},
	url = {http://observatoriodasmetropoles.net.br/arquivos/biblioteca/abook_file/metropoles_coesao_fragmentacao_2edicao.pdf},
	year = {2015}
}

@misc{comec2019a,
	author = {COMEC},
	howpublished = {Página na Internet},
	note = {Acesso em 12/11/2019},
	title = {Formação da RMC},
	url = {http://www.comec.pr.gov.br/modules/conteudo/conteudo.php?conteudo=30},
	year = {2019}
}

@book{regic2008a,
	address = {Rio de Janeiro},
	author = {IBGE},
	title = {Regiões de Influência das Cidades 2007},
	url = {https://biblioteca.ibge.gov.br/index.php/biblioteca-catalogo?view=detalhes\&id=240677},
	year = {2008}
}

@incollection{delgado2014a,
	address = {Rio de Janeiro},
	author = {Rosa Moura and Paulo Roberto Delgado and Anael Pinheiro Ulhôa de Cintra},
	booktitle = {Curitiba: transformações na ordem urbana},
	editor = {Olga Firkowski and Rosa Moura},
	editortype = {Editoras},
	publisher = {Letra Capital: Observatório das Metrópoles},
	series = {Estudos comparativos},
	title = {A metrópole de Curitiba na rede urbana brasileira e sua configuração interna},
	url = {http://transformacoes.observatoriodasmetropoles.net.br/livro/curitiba},
	year = {2014}
}

@incollection{kornin2014a,
	address = {Rio de Janeiro},
	author = {Thaís Kornin and Liria Yuri Nagamine and Claudio Jesus de Oliveira Esteves and Julio Cesar Botega do Carmo},
	booktitle = {Curitiba: transformações na ordem urbana},
	editor = {Olga Firkowski and Rosa Moura},
	editortype = {Editoras},
	publisher = {Letra Capital: Observatório das Metrópoles},
	series = {Estudos comparativos},
	title = {{Conflitos na construção da escala metropolitana de gestão - a experiência do Conselho Gestor dos Mananciais da Região Metropolitana de Curitiba}},
	url = {http://transformacoes.observatoriodasmetropoles.net.br/livro/curitiba},
	year = {2014}
}

@inproceedings{firkowski2002a,
	address = {Atlanta},
	author = {Olga Lúcia Castreghini Firkowski},
	booktitle = {Proceedings of the Sixth Conference of the Brazilian Studies Association},
	location = {Georgia},
	month = apr,
	number = {6},
	series = {Globalização e Novos Desafios},
	title = {Os desafios da gestão metropolitana em Curitiba},
	year = {2002}
}

@incollection{paese2014a,
	address = {Rio de Janeiro},
	author = {O. Firkowski and D. Paese and E. Nagamine},
	booktitle = {Curitiba: transformações na ordem urbana},
	editor = {Olga Firkowski and Rosa Moura},
	editortype = {Editoras},
	publisher = {Letra Capital: Observatório das Metrópoles},
	series = {Estudos comparativos},
	title = {Condições materiais da mobilidade na ACP de Curitiba: transporte público e particular},
	url = {http://transformacoes.observatoriodasmetropoles.net.br/livro/curitiba},
	year = {2014}
}

@misc{costa2015a,
  title={{Caracteriza{\c{c}}{\~a}o e quadros de an{\'a}lise comparativa da governan{\c{c}}a metropolitana no Brasil: arranjos institucionais de gest{\~a}o metropolitana (Componente 1): regi{\~a}o metropolitana de Curitiba}},
  author={IPEA},
  editor={Costa, Marco Aur{\'e}lio},
  editortype={Coord.},
  year={2015},
  url={http://www.ipea.gov.br/portal/images/stories/PDFs/relatoriopesquisa/150909_relatorio_arranjos_igm_rm_curitiba.pdf},
  publisher={Instituto de Pesquisa Econ{\^o}mica Aplicada (Ipea)}
}

@article{firkowski2002b,
	title={{A nova l{\'o}gica de localiza{\c{c}}{\~a}o industrial no aglomerado metropolitano de Curitiba}},
	author={de Freitas Firkowski, Olga L{\'u}cia Castreghini},
	journal={Revista Paranaense de Desenvolvimento},
	number={103},
	pages={79--100},
	year={2002},
	publisher={Instituto Paranaense de Desenvolvimento Econ{\^o}mico e Social},
	url={https://dialnet.unirioja.es/servlet/articulo?codigo=4813384}
}

@MasterThesis{vaccari2018a,
	title = {{Moradia como função pública de interesse comum na metrópole de Curitiba}},
	author = {Vaccari, Lorreine Santos},
	year = {2018},
	url = {https://acervodigital.ufpr.br/handle/1884/57167},
	address = {Curitiba},
	school = {Universidade Federal do Paraná}
}

@article{andreoli1999a,
	title={Limites ao desenvolvimento da regi{\~a}o metropolitana de Curitiba, impostos pela escassez de {\'a}gua},
	author={Andreoli, Cleverson Vit{\'o}rio and Dalarmi, Osvaldo and Lara, Aderlene In{\^e}s and ANDREOLI, F de N},
	journal={Sanare},
	url={http://www.sanepar.com.br/Sanepar/Gecip/Revistas_Periodicos/Gestao_mananciais/Limites_ao_desenvolvimento_da_RMC.pdf},
	address={Curitiba},
	volume={12},
	number={12},
	pages={31--42},
	year={1999}
}

@article{lima2001a,
	title={Planejamento urbano-regional e crise ambiental: Regi{\~a}o Metropolitana de Curitiba},
	author={Lima, Cristina de Ara{\'u}jo and Mendon{\c{c}}a, Francisco},
	journal={S{\~a}o Paulo em perspectiva},
	volume={15},
	number={1},
	pages={135--143},
	year={2001},
	publisher={SciELO Brasil},
	url={http://www.scielo.br/scielo.php?script=sci_arttext&pid=S0102-88392001000100015}
}
